@inproceedings{abdel2003challenges,
  title={Challenges of developing an automated dental identification system},
  author={Abdel-Mottaleb, Mohamed and Nomir, Omaima and Nassar, Diaa Eldin and Fahmy, Gamal and Ammar, Hany H},
  booktitle={Circuits and Systems, 2003 IEEE 46th Midwest Symposium on},
  volume={1},
  pages={411--414},
  year={2003},
  organization={IEEE}
}

@inproceedings{chen2004tooth,
  title={Tooth contour extraction for matching dental radiographs},
  author={Chen, Hong and Jain, Anil K},
  booktitle={Pattern Recognition, 2004. ICPR 2004. Proceedings of the 17th International Conference on},
  volume={3},
  pages={522--525},
  year={2004},
  organization={IEEE}
}

@inproceedings{piotrowski2000active,
  title={Active contour based segmentation of low-contrast medical images},
  author={Piotrowski, Marek and Szczepaniak, Piotr S},
  booktitle={Advances in Medical Signal and Information Processing, 2000. First International Conference on (IEE Conf. Publ. No. 476)},
  pages={104--109},
  year={2000},
  organization={IET}
}

@inproceedings{said2004dental,
  title={Dental x-ray image segmentation},
  author={Said, Eyad and Fahmy, Gamal F and Nassar, Diaa and Ammar, Hany},
  booktitle={Proceedings of SPIE},
  volume={5404},
  pages={409--417},
  year={2004}
}

@article{jain2004matching,
  title={Matching of dental X-ray images for human identification},
  author={Jain, Anil K and Chen, Hong},
  journal={Pattern recognition},
  volume={37},
  number={7},
  pages={1519--1532},
  year={2004},
  publisher={Elsevier}
}

@inproceedings{srinivasan2006adaptive,
  title={Adaptive contrast enhancement using local region stretching},
  author={Srinivasan, S and Balram, N},
  booktitle={The 9th Asian Symposium on Information Display (ASID'06), New Delhi, India},
  year={2006}
}
